@article{levins1966strategy,
  title={The strategy of model building in population biology},
  author={Levins, Richard},
  journal={American scientist},
  volume={54},
  number={4},
  pages={421--431},
  year={1966},
  publisher={JSTOR}
}

@article{johnson2004model,
  title={Model selection in ecology and evolution},
  author={Johnson, Jerald B and Omland, Kristian S},
  journal={Trends in ecology \& evolution},
  volume={19},
  number={2},
  pages={101--108},
  year={2004},
  publisher={Elsevier}
}

@misc{bolker2013strategies,
  title={Strategies for fitting nonlinear ecological models in R, AD Model Builder, and BUGS. Methods Ecol Evol 4: 501--512},
  author={Bolker, BM and Gardner, B and Maunder, M and Berg, CW and Brooks, M and Comita, L and Crone, E and Cubaynes, S and Davies, T and de Valpine, P and others},
  year={2013}
}

@article{claeskens2008model,
  title={Model selection and model averaging},
  author={Claeskens, Gerda and Hjort, Nils Lid and others},
  journal={Cambridge Books},
  year={2008},
  publisher={Cambridge University Press}
}

@article{burnham2004multimodel,
  title={Multimodel inference: understanding AIC and BIC in model selection},
  author={Burnham, Kenneth P and Anderson, David R},
  journal={Sociological methods \& research},
  volume={33},
  number={2},
  pages={261--304},
  year={2004},
  publisher={Sage Publications Sage CA: Thousand Oaks, CA}
}


@article{verwijst1991logarithmic,
  title={Logarithmic transformations in biomass estimation procedures: violation of the linearity assumption in regression analysis},
  author={Verwijst, Theo},
  journal={Biomass and Bioenergy},
  volume={1},
  number={3},
  pages={175--180},
  year={1991},
  publisher={Elsevier}
}
