@article{hemerik_exact_2018,
	title = {Exact testing with random permutations},
	volume = {27},
	issn = {1133-0686, 1863-8260},
	url = {http://link.springer.com/10.1007/s11749-017-0571-1},
	doi = {10.1007/s11749-017-0571-1},
	pages = {811--825},
	number = {4},
	journaltitle = {{TEST}},
	shortjournal = {{TEST}},
	author = {Hemerik, Jesse and Goeman, Jelle},
	urldate = {2022-12-08},
	date = {2018-12},
	langid = {english},
	year = {2018}
}


@Inbook{climatechange,
author="Interdepartmental Climate Change Group",
title="Temperature and Evapotranspiration",
bookTitle="Climate Change and Water Management in South Florida",
year="2009",
pages="13--14",
}