@article{serikova2019high,
  title={High carbon emissions from thermokarst lakes of Western Siberia},
  author={Serikova, Svetlana and Pokrovsky, OS and Laudon, H and Krickov, IV and Lim, AG and Manasypov, RM and Karlsson, J},
  journal={Nature Communications},
  volume={10},
  number={1},
  pages={1552},
  year={2019},
  publisher={Nature Publishing Group UK London}
}

@article{holgerson2017gas,
  title={Gas transfer velocities in small forested ponds},
  author={Holgerson, Meredith A and Farr, Emily R and Raymond, Peter A},
  journal={Journal of Geophysical Research: Biogeosciences},
  volume={122},
  number={5},
  pages={1011--1021},
  year={2017},
  publisher={Wiley Online Library}
}



@article{karlsson2021carbon,
  title={Carbon emission from Western Siberian inland waters},
  author={Karlsson, Jan and Serikova, Svetlana and Vorobyev, Sergey N and Rocher-Ros, Gerard and Denfeld, Blaize and Pokrovsky, Oleg S},
  journal={Nature communications},
  volume={12},
  number={1},
  pages={825},
  year={2021},
  publisher={Nature Publishing Group UK London}
}


@article{holgerson2016large,
  title={Large contribution to inland water CO2 and CH4 emissions from very small ponds},
  author={Holgerson, Meredith A and Raymond, Peter A},
  journal={Nature Geoscience},
  volume={9},
  number={3},
  pages={222--226},
  year={2016},
  publisher={Nature Publishing Group UK London}
}


@book{mandelbrot1982fractal,
  title={The fractal geometry of nature},
  author={Mandelbrot, Benoit B and Mandelbrot, Benoit B},
  volume={1},
  year={1982},
  publisher={WH freeman New York}
}

@article{bartosiewicz2015greenhouse,
  title={Greenhouse gas emission and storage in a small shallow lake},
  author={Bartosiewicz, Maciej and Laurion, Isabelle and MacIntyre, Sally},
  journal={Hydrobiologia},
  volume={757},
  pages={101--115},
  year={2015},
  publisher={Springer}
}


@article{colina2022role,
  title={Role of the dominant primary producer and the associated trophic structure on carbon fluxes (CO2 and CH4) in shallow lakes},
  author={Colina Rama, Maite},
  year={2022},
  publisher={Udelar. FC.}
}

@article{cael2016size,
  title={The size-distribution of Earthâ€™s lakes},
  author={Cael, Brendan Barry and Seekell, David A},
  journal={Scientific reports},
  volume={6},
  number={1},
  pages={29633},
  year={2016},
  publisher={Nature Publishing Group UK London}
}

@article{richardson2022functional,
  title={A functional definition to distinguish ponds from lakes and wetlands},
  author={Richardson, David C and Holgerson, Meredith A and Farragher, Matthew J and Hoffman, Kathryn K and King, Katelyn BS and Alfonso, Mar{\'\i}a B and Andersen, Mikkel R and Cheruveil, Kendra Spence and Coleman, Kristen A and Farruggia, Mary Jade and others},
  journal={Scientific reports},
  volume={12},
  number={1},
  pages={10472},
  year={2022},
  publisher={Nature Publishing Group UK London}
}

@article{hipsey2019general,
  title={A General Lake Model (GLM 3.0) for linking with high-frequency sensor data from the Global Lake Ecological Observatory Network (GLEON)},
  author={Hipsey, Matthew R and Bruce, Louise C and Boon, Casper and Busch, Brendan and Carey, Cayelan C and Hamilton, David P and Hanson, Paul C and Read, Jordan S and de Sousa, Eduardo and Weber, Michael and others},
  journal={Geoscientific Model Development},
  volume={12},
  number={1},
  pages={473--523},
  year={2019},
  publisher={Copernicus GmbH}
}

@article{verpoorter2014global,
  title={A global inventory of lakes based on high-resolution satellite imagery},
  author={Verpoorter, Charles and Kutser, Tiit and Seekell, David A and Tranvik, Lars J},
  journal={Geophysical Research Letters},
  volume={41},
  number={18},
  pages={6396--6402},
  year={2014},
  publisher={Wiley Online Library}
}

@article{downing2009global,
  title={Global limnology: Up-scaling aquatic services and processes to planet Earth},
  author={Downing, John A},
  journal={Internationale Vereinigung f{\"u}r theoretische und angewandte Limnologie: Verhandlungen},
  volume={30},
  number={8},
  pages={1149--1166},
  year={2009},
  publisher={Taylor \& Francis}
}
